@STRING {AAEJAF = "Astron. Astrophys."}
@STRING {ACIEAY = "Angew. Chem. Int. Ed. Engl."}
@STRING {AJCHAS = "Austral. J. Chem."}
@STRING {APJSA2 = "Astron. J. Suppl. Ser."}
@STRING {ASJOAB = "Astrophys. J."}
@STRING {BACCAT = "Bull. Acad. Sci. USSR, Div. Chem. Sci."}
@STRING {BCSJA8 = "Bull. Chem. Soc. Jpn."}
@STRING {CHBEAM = "Chem. Ber."}
@STRING {CHPLBC = "Chem. Phys. Lett."}
@STRING {CJCHAG = "Can. J. Chem."}
@STRING {CMPHC2 = "Chem. Phys."}
@STRING {IJQCB2 = "Int. J. Quantum Chem."}
@STRING {IJQSDI = "Int. J. Quantum Chem. Symp."}
@STRING {INOCAJ = "Inorg. Chem."}
@STRING {JACSAT = "J. Am. Chem. Soc."}
@STRING {JCCCAT = "J. Chem. Soc., Chem. Commun."}
@STRING {JCCHDD = "J. Comput. Chem."}
@STRING {JCEAAX = "J. Chem. Eng. Data"}
@STRING {JCFTBS = "J. Chem. Soc., Faraday Trans. II"}
@STRING {JCFTEV = "J. Chem. Soc., Faraday Trans."}
@STRING {JCPSA6 = "J. Chem. Phys."}
@STRING {JESRAW = "J. Electr. Spectrosc. Rel. Phenomena"}
@STRING {JMOSB4 = "J. Mol. Structure"}
@STRING {JOCEAH = "J. Org. Chem."}
@STRING {JPAMA4 = "J. Phys. B"}
@STRING {JPAPEH = "J. Phys. B"}
@STRING {JPCHAX = "J. Phys. Chem."}
@STRING {JPCAFH = "J. Phys. Chem. A"}
@STRING {JPCBFK = "J. Phys. Chem. B"}
@STRING {JSTCAM = "J. Struct. Chem."}
@STRING {MOPHAM = "Mol. Phys."}
@STRING {PLRAAN = "Phys. Rev. A"}
@STRING {PRBMDO = "Phys. Rev. B"}
@STRING {RJICAQ = "Russ. J. Inorg. Chem."}
@STRING {RJPCAR = "Russ. J. Phys. Chem."}
@STRING {SJCCDA = "Sov. J. Coord. Chem."}
@STRING {SSCOA4 = "Solid State Commun."}
@STRING {SUSCAS = "Surface Science"}
@STRING {TCHAAM = "Theor. Chim. Acta"}
@STRING {TEXCAK = "Theor. Exper. Chem."}
@STRING {THEODJ = "J. Mol. Struct. (THEOCHEM)"}

@STRING {JCompPhys = "J. Comput. Phys."}
@STRING {IJQC = "Int. J. Quantum Chem."}
@STRING {IJQCS = "Int. J. Quantum Chem. Symp."}
@STRING {TCA = "Theor. Chim. Acta"}
@STRING {JCP = "J. Chem. Phys."}
@STRING {JACS = "J. Am. Chem. Soc."}
@STRING {JPhysChem = "J. Phys. Chem."}
@STRING {MolPhys = "Mol. Phys."}
@STRING {RevModPhys = "Rev. Mod. Phys."}
@STRING {AnnRevPhysChem = "Ann. Rev. Phys. Chem."}
@STRING {JMedChem = "J. Med. Chem."}
@STRING {JMolBiol = "J. Mol. Biol."}
@STRING {CPL = "Chem. Phys. Lett."}
@STRING {CP = "Chem. Phys."}
@STRING {AdvQuantumChem = "Adv. Quantum Chem."}
@STRING {JPC = "J. Phys. Chem."}
@STRING {PRL = "Phys. Rev. Lett."}
@STRING {JPCA = "J. Phys. Chem. A"}
@STRING {JPCB = "J. Phys. Chem. B"}
@STRING {JCTC = "J. Chem. Theory Comput."}
@STRING {AdvChemPhys = "Adv. Chem. Phys."}
@STRING {AccChemRes = "Acc. Chem. Res."}

@STRING {ARPC= "Ann. Rev. Phys. Chem."}
@STRING {BBPC= "Ber. Bunsenges. Phys. Chem."}
@STRING {JMS = "J. Mol. Struct."}
@STRING {PCCP = "Phys. Chem. Chem. Phys."}
@STRING {RSI = "Rev. Sci. Instrum."}
@STRING {TC  = "J. Mol. Structure THEOCHEM"}
@STRING {HCA = "Helv. Chim. Acta"}
@STRING {CHEMREV = "Chem. Rev."}

@STRING {SAMCAS = "Spectrochim. Acta, Part A"}
@STRING {GCACAK = "Geochim. Cosmochim. Acta"}
@STRING {BIOPOLYMERS = "Biopolymers"}
@STRING {JSLCAG = "J. Solution Chem."}
@STRING {JCISD8 = "J. Chem. Inf. Comput. Sci."}
@STRING {THACAS = "Thermochim. Acta"}
@STRING {SCIENCE = "Science"}
@STRING {OLEBEM = "Origins Life Evol. Biospheres"}
@STRING {BCSJA8 = "Bull. Chem. Soc. Jpn."}
@STRING {JCEJAQ = "J. Chem. Eng. Jpn."}
@STRING {ASTRC4 = "Astrobiology"}

@STRING {THEORY = "J. Theor. Comput. Chem."}
@STRING {JPCLETT = "J. Phys. Chem. Lett."}
@STRING {EPL = "EPL"}
@STRING {SCHIMA = "Spectrochim. Acta, Part A"}
@STRING {JCP = "J. Chem. Phys."}
@STRING {JACS = "J. Am. Chem. Soc."}
@STRING {CHEMPHYSLETT = "Chem. Phys. Lett."}
@STRING {PHYSREVA = "Phys. Rev. A"}
@STRING {PHYSREVB = "Phys. Rev. B"}
@STRING {THEOCHEMACC = "Theor. Chem. Acc."}
@STRING {WIRES = "WIREs Comp. Mol. Sci."}
@STRING {CHEMPHYS = "Chem. Phys."}
@STRING {JMOLLIQ = "J. Mol. Liq."}
@STRING {JCC = "J. Comput. Chem."}
@STRING {ANGEW = "Angew. Chem. Int. Ed. Engl."}
