@article{Crawford:06,
author = {T. Daniel Crawford},
title = {\emph{Ab Initio} Calculation of Molecular Chiroptical Properties},
journal = THEOCHEMACC,
volume = {115},
pages = {227--245},
year = {2006}
}
@article{Christiansen:95,
author = {Ove Christiansen and Henrik Koch and Poul J{\o}rgensen},
title = {The Second-Order Approximate Coupled Cluster Singles and
Doubles Model CC2},
journal = CHPLBC,
volume = {243},
pages = {409-418},
year = {1995}
}
@article{Hattig:02,
author = {Christof H\"{a}ttif and Andreas K\"{o}hn},
title = {Transition Moments and Excited-state First-order Properties
in the Coupled-Cluster Model CC2 Using the Resolution-of-the-Identity
Approximation},
journal = JCP,
volume = {117},
pages = {6939},
year = {2002}
}
@article{Pedersen:04,
author = {Thomas Bondo Pedersen and Alfredo M.J. S\'{a}nchez de
Mer\'{a}s and Henrik Koch},
title = {Polarizability and Optical Rotation Calculated from the Approximate
Coupled Cluster Singles and Doubles CC2 Linear Response Theory Using
Cholesky Decompositions},
journal = JCP,
volume = {120},
pages = {8887},
year = {2004}
}
@article{Crawford:05,
author = {T. Daniel Crawford and Lesley S. Owens and Mary C. Tam
and Peter R. Schreiner and Henrik Koch},
title = {Ab Initio Calculation of Optical Rotation in (P)-(+)-
[4]-Triangulane},
journal = JACS,
volume = {127},
number = {5},
pages = {1368-1369}
}
@article{Hattig:97,
author = {Christof H\"{a}ttig and Ove Christiansen and Henrik Koch
and Poul J{\o}rgensen},
title = {Frequency-dependent First Hyperpolarizabilities Using
Coupled Cluster Quadratic Response Theory},
journal = CHPLBC,
volume = {269},
number = {5-6},
pages = {428-434},
year = {1997}
}
@article{Neese:09,
author = {Frank Neese and Andreas Hansen and Dimitrios G. Liakos},
title = {Efficient and Accurate Approximations to the Local Coupled Cluster
Singles Doubles Method Using a Truncated Pair Natural Orbital Basis},
journal = JCP,
volume = {131},
pages = {064103},
year = {2009}
}
@article{Kumar:17,
author = {Ashutosh Kumar and T. Daniel Crawford},
title = {Frozen Virtual Natural Orbitals for Coupled-Cluster Linear-Response
Theory},
journal = JPCA,
volume = {121},
pages = {708-716},
year = {2017}
}
@article{Helgaker:97,
author = {T. Helgaker and W. Klopper and H. Koch and J. Noga},
title = {Basis-set Convergence of Correlated Calculations on Water},
journal = JCP,
volume = {106},
pages = {9639-9646},
year = {1997}
}
@article{Martin:97,
author = {J.M.L. Martin and P.R. Taylor},
title = {Benchmark Quality Total Atomization Energies of Small
Polyatomic Molecules},
journal = JCP,
volume = {106},
pages = {8620-8623},
year = {1997}
}
@article{Truhlar:98,
author = {D.G. Truhlar},
title = {Basis-set Extrapolation},
journal = CHPLBC,
volume = {294},
pages = {45-48},
year = {1998}
}
@article{Feller:93,
author = {D. Feller},
title = {The Use of Systematic Sequence of Wave Functions for
Estimating the Complete Basis Set, Full Configuration Interaction
Limit in Water},
journal = JCP,
volume = {JCP},
pages = {7059-7071},
year = {1993}
}
@article{Campos:10,
author = {C. Campos and F. Jorge and T. Silva and M. Coppo},
title = {Basis Set Convergence on Optical Rotation DFT Calculations},
journal = CHPLBC,
year = {2010},
pages = {170-173},
volume = {494}
}
@article{Hedegard:12,
author = {E.D. Hedegard and F. Jensen and J. Kongsted},
title = {Basis Set Recommendations For DFT Calculations of Gas-Phase
Optical Rotation at Different Wavelengths},
journal = JCTC,
volume = {2012},
pages = {4425-4433},
year = {2012}
}
@article{Mach:11,
author = {T.J. Mach and T.D. Crawford},
title = {Basis Set Dependence of Coupled Cluster Optical Rotation Computations},
journal = JPCA,
volume = {115},
pages = {10045-10051},
year = {2011}
}
@article{Cheeseman:00,
author = {J.R. Cheeseman and M.J. Frisch and F.J. Devlin and P.J. Stephens},
title = {Hartree-Fock and Density Functional Theory Ab Initio Calculation
of Optical Rotation Using GIAOs: Basis Set Dependence},
journal = JPCA,
volume = {104},
pages = {1039-1046},
year = {2000}
}
@article{Pedersen:09,
author = {Thomas Bondo Pedersen and Jacob Kongsted and T. Daniel
Crawford},
title = {Gas Phase Optical Rotation Calculated from Coupled Cluster
Theory with Zero-Point Vibrational Corrections from Density
Functional Theory},
journal = "Chirality",
volume = {21},
pages = {E68-E75},
year = {2009}
}
@article{Pedersen:09b,
author = {Thomas Bondo Pedersen and Jacob Kongsted and T. Daniel
Crawford and Kenneth Ruud},
title = {On the Importance of Vibrational Contributions to Small-angle Optical
Rotation: Fluoro-oxirane in Gas Phase and Solution},
journal = JCP,
volume = {130},
pages = {034310},
year = {2009}
}
@article{Crawford:09,
author = {T. Daniel Crawford and Wesley D. Allen},
title = {Optical Activity in Conformationally Flexible Molecules:
a Theoretical Study of Large-amplitude Vibrational Averaging in (R)-
3-chloro-1-butene},
journal = MolPhys,
volume = {107},
year = {2009},
pages = {1041-1057}
}
@article{Kondru:99,
author = {Rama K. Kondru and Peter Wipf and David N. Beratan},
title = {Structural and Conformational Dependence of Optical Rotation
Angles},
journal = JPCA,
volume = {103},
pages = {6603-6611},
year = {1999}
}
@article{Mort:05,
author = {B.C. Mort and J. Autschbach},
title = {Magnitude of Zero-Point Vibrational Corrections to Optical Rotation
in Rigid Organic Molecules: A Time-dependent Density Functional Study},
journal = JPCA,
volume = {109},
pages = {8617-8623},
year = {2005}
}
@article{Sadlej:77,
author = {Andrzej J. Sadlej},
title = {Molecular Electric Polarizabilities. Electric-Field-Variant
(EFV) Gaussian Basis Set for Polarizaiblity Calculations},
journal = CHPLBC,
volume = {47},
pages = {50-54},
year = {1977}
}
@article{Roos:85,
author = {Bjorn O. Roos and Andrzej J. Sadlej},
title = {Polarized Basis Sets for Accurate Predictions of Molecular Electric
Properties. Electric Moments of the LiH Molecule},
journal =  CMPHC2,
volume = {94},
pages = {43-53},
year = {1985}
}
@article{Wolinski:90,
author = {K. Woli\'{n}nski and J.F. Hinton and P. Pulay},
title = {Efficient Implementation of the Gauge-Independent Atomic Orbital
Method for NMR Chemical Shift Calculations},
journal = JACS,
volume = {112},
year = {1990},
pages = {8251}
} 
@article{Baranowska:16,
author = {A. Baranowska-\L{\k{a}}czkowska and K.Z. \L{\k{a}}czkowski and C. Henriksen
and B. Fernandez and M. Kozak and S. Zileniska},
title  = {New Basis Set for the Prediction of the Specific Rotation in
Flexible Biological Molecules},
journal = "RSC Adv.",
volume = {6},
pages = {19897-19902},
year = {2016}
}
@article{Sadlej:88,
author = {A.J. Sadlej},
journal = "Coll. Czech Chem. Commun.",
year = {1988},
volume = {53},
pages = {1995}
}
@article{Sadlej:91,
author = {A.J. Sadlej},
journal = "Theor. Chim. Acta",
volume = {79},
pages = {123},
year = {1991}
}
@article{Cernusak:03,
author = {I. Cernusak and V. Kello and A.J. Sadlej},
journal = "Coll. Czech Chem. Commun.",
volume = {68},
year = {2003},
pages = {211}
}
@article{Benkova:05,
author = {Z. Benkova and A.J. Sadlej and R.E. Oakes and S.E.J. Bell},
journal = JCCHDD,
volume = {68},
pages = {211},
year = {2003}
}
@article{Tam:04,
author = {Mary C. Tam and Nicholas J. Russ and T. Daniel Crawford},
title = {Coupled Cluster Calculations of Optical Rotatory Dispersion
of ($S$)-Methyloxirane},
journal = JCP,
volume = {121},
number = {8},
pages = {3550-3557},
year = {2004}
}
@article{Kongsted:04,
author = {Jacob Konsted and Thomas Bondo PEdersen and MIkkel Strange
and Anders Osted and Aage E. Hansen and Kurt V. Mikkelsen and Flip Pawlowski
and Poul J{\o}rgensen and Christof H{\"a}ttig},
title = {Coupled Cluster Calculations of the Optical Rotation of
$S$-propylene Oxide in Gas Phase and Solution},
journal = CHPLBC,
volume = {401},
pages = {385-392},
year = {2004}
}
@article{Kongsted:06,
author = {Jacob Kongsted and Thomas Bondo Pedersen and Lasse Jensen
and Aage E. Hansen and Kurt V. Mikkelsen},
title = {Coupled Cluster and Density Functional Theory Studies of the
Vibrational Contribution to the Optical Rotation of ($S$)-Propylene
Oxide},
journal = JACS,
volume = {128},
pages = {976-982},
year = {2006}
}
@article{Srebro:11,
author = {Monika Srebro and Niranjan Govind and Wibe A. {de Jong} and
Jochen Autschbach},
title = {Optical Rotation Calculated with Time-Dependent Density Functional
Theory: The OR45 Benchmark},
journal = JPCA,
volume = {115},
pages = {10930-10949},
year = {2011}
}
@Article{Kendall:92,
  author  = {Kendall, R. A. and Dunning, T. H. and Harrison, R. J.},
  title   = {Electron-Affinities of the 1st-Row Atoms Revisited - Systematic Basis-Sets and Wave-Functions},
  journal =  JCP,
  year    = {1992},
  volume  = {96},
  number  = {9},
  pages   = {6796-6806}
}
@article{psi4,
author = {Parrish, Robert M. and Burns, Lori A. and Smith, Daniel G. A.
and Simmonett, Andrew C. and DePrince, A. Eugene and Hohenstein, Edward G.
and Bozkaya, Uğur and Sokolov, Alexander Yu. and Di Remigio, Roberto and
Richard, Ryan M. and Gonthier, Jérôme F. and James, Andrew M. and
McAlexander, Harley R. and Kumar, Ashutosh and Saitow, Masaaki and
Wang, Xiao and Pritchard, Benjamin P. and Verma, Prakash and Schaefer,
Henry F. and Patkowski, Konrad and King, Rollin A. and Valeev,
Edward F. and Evangelista, Francesco A. and Turney, Justin M. and
Crawford, T. Daniel and Sherrill, C. David},
title = {Psi4 1.1: An Open-Source Electronic Structure Program
Emphasizing Automation, Advanced Libraries, and Interoperability},
journal = {Journal of Chemical Theory and Computation},
volume = {13},
number = {7},
pages = {3185-3197},
year = {2017}
}
@article{Muller:00,
author = {T. M\"{u}ller and K.B. Wiberg and P.H. Vaccaro},
title = {Cavity Ring-Down Polarimetry (CRDP): A New Scheme for Probing
Circular Birefringence and Circular Dichroism in the Gas Phase},
journal = JPCA,
volume = {104},
pages = {5959-5968},
year = {2000}
}
@article{Caricato:14,
author = {Marco Caricato and Patrick H. Vaccaro and T. Daniel Crawford
and Kenneth B. Wiberg and Priyanka Lahiri},
title = {Insights on the Origin of the Unusualy Large Specific Rotation of
(1S,4S)-Norbornenone},
journal = JPCA,
volume = {118},
pages = {4863-4871},
year = {2014}
}
@article{Pedersen:04b,
author = {Thomas Bondo Pedersen and Henrik Koch and Linus Boman
and Alfredo M.J. {S\'{a}nchez de Mer\'{a}s}},
journal = CHPLBC,
title = {Origin Invariant Calculation of Optical Rotation Without
Recourse to London Orbitals},
volume = {393},
year = {2004},
pages = {319--326}
}
@Article{Becke:93,
author  = {Becke, A. D.},
title   = {Density-Functional Thermochemistry. III. The Role of Exact Exchange},
journal =  JCP,
year    = {1993},
volume  = {98},
number  = {7},
pages   = {5648-5652}
}
@Article{Lee:88,
author  = {Lee, C. T. and Yang, W. T. and Parr, R. G.},
title   = {Development of the Colle-Salvetti Correlation-Energy Formula into a Functional of the Electron-Density},
journal =  PHYSREVB,
year    = {1988},
volume  = {37},
number  = {2},
pages   = {785-789}
}
@Article{Stephens:94,
author  = {Stephens, P. J. and Devlin, F. J. and Chabalowski, C. F. and Frisch, M. J.},
title   = {Ab-Initio Calculation of Vibrational Absorption and Circular-Dichroism Spectra Using Density-Functional Force-Fields},
journal =  JPC,
year    = {1994},
volume  = {98},
number  = {45},
pages   = {11623-11627}
}
@article{McAlexander:12,
author = {Harley R. McAlexander and Taylor J. Mach and T. Daniel Crawford},
title = {Localized Optimized Orbitals, Coupled Cluster Theory, and Chiroptical Response Properties},
journal = PCCP,
volume = {14},
pages = {7830--7836},
year = {2012}
}
@article{Russ:08,
author = {Nicholas J. Russ and T. Daniel Crawford},
title = {Local Correlation Domains for Coupled Cluster Theory: Optical Rotation and Magnetic-field Perturbations},
journal = PCCP,
volume = {10},
pages = {3345-3352},
year = {2008}
}
@book{Berova:00,
editor = {N. Berova and K. Nakanishi and R.W. Woody},
title = {Circular Dichroism: Principles an Applications},
edition = {2},
address = {New York},
publisher = {Wiley},
year = {2000}
}
@article{Kumata:70,
author = {Y. Kumata and J. Furukawa and T. Fueno},
title = {The Effect of Solvents on the Optical Rotation of
Propylene Oxide},
journal = BCSJA8,
volume = {43},
year = {1970},
pages = {3920-3921}
}
@article{Wiberg:13,
author = {Kenneth B. Wiberg and Marco Caricato and {Yi-Gui} Wang and
Patrick H. Vaccaro},
title = {Towards the Accurate and Efficient Calculation of Optical Rotatory
Dispersion Using Augmented Minimal Basis Sets},
journal = "Chirality",
volume = {25},
pages = {606-616},
year = {2013}
}
@article{Pearce:17,
author = {Yongle Du and Kirk C. Pearce and Yumi Dai and Priscilla Krai
and Seema Dalal and Maria B. Cassera and Michael Goetz and
T. Daniel Crawford and David {G.I.} Kingston},
title = {Antiplasmodial Sesquiterpenoid Lactones from
\emph{Trichospira verticillata}: Structure Elucidation by
Spectroscopic Methods and Comparison of Experimental and
Calculated ECD Data},
journal = "J. Nat. Prod.",
volume = {80},
pages = {1639--1647},
year = {2017}
}
@article{Ruud:05,
author = {Kenneth Ruud and Riccardo Zanasi},
title = {The Importance of Molecular Vibrations: The Sign Change
of the Optical Rotation of Methyloxirane},
journal = "Angew. Chem. Int. Ed.",
pages = {3594--2596},
year = {2005},
volume = {44}
}
@article{Ruud:01,
author = {Kenneth Ruud and Peter R. Taylor and {P.-O.} \r{A}strand},
title = {Zero-Point Vibrational Effects on Optical Rotation},
journal = CHPLBC,
volume = {337},
pages = {217--223},
year = {2001}
}
@article{Beratan:07,
author = {Parag Mukhopadhyay and G\'{e}rard Zuber and Peter Wipf and
David N. Beratan},
title = {Contribution of a Solutes Chiral Solvent Imprint to Optical Rotation},
journal = "Angew. Chem. Int. Ed.",
year = {2007},
pages = {6450--6452},
volume = {46}
}
@article{Beratan:06,
author = {Parag Mukhopadhyay and G\'{e}rard Zuber and {M.-R.} Goldsmith and
Peter Wipf and David N. Beratan},
title = {Solvent Effect on Optical Rotation: A Case Study of Methyloxirane
in Water},
journal = "ChemPhysChem",
year = {2006},
pages = {2483--2486},
volume = {7}
}
@article{Wilson:05,
author = {Shaun M. Wilson and Kenneth B. Wiberg and James R. Cheeseman and
Michael J. Frisch and Patrick H. Vaccaro},
title = {Nonresonant Optical Activity of Isolated Organic Molecules},
journal = JPCA,
volume = {109},
pages = {11752--11764},
year = {2005}
}
@article{Papajak:11,
author = {Ewa Papajak and Donald G. Truhlar},
title = {Convergent Partially Augmented Basis Sets for Post-Hartree-Fock Calculations of Molecular Properties and Reaction Barrier Heights},
journal = JCTC,
volume = {7},
pages = {10--18},
year = {2011}
}
@article{Mennucci:02,
author = {B. Mennucci and J. Tomasi and R. Cammi and J.R. Cheeseman and
M.J. Frisch and F.J. Devlin and S. Gabriel and P.J. Stephens},
title = {Polarizable Continuum Model (PCM) Calculations of Solvent Effects
on Optical Rotations of Chiral Molecules},
journal = JPCA,
volume = {106},
year = {2002},
pages = {6102--6113}
}
@Article{Tomasi:05,
  author  = {Tomasi, J. and Mennucci, B. and Cammi, R.},
  title   = {Quantum Mechanical Continuum Solvation Models},
  journal =  CHEMREV,
  year    = {2005},
  volume  = {105},
  number  = {8},
  pages   = {2999-3093}
}
@article{Kongsted:08,
author = {Jacob. Kongsted and Kenneth Ruud},
title = {Solvent Effects on Zero-Point Vibrational Corrections to Optical
Rotations and Nuclear Magnetic Resonance Shielding Constants},
journal = CHPLBC,
volume = {451},
year = {2008},
pages = {226--232}
}
@article{Baranowska:13,
author = {A. Baranowska-\L{\k{a}}czkowska and K.Z. \L{\k{a}}czkowski},
title = {The ORP Basis Set Designed for Optical Rotation Calculations},
journal = JCCHDD,
volume = {34},
year = {2013},
pages = {2006-2013}
}
@article{Haghdani:16,
author = {Shokouh Haghdani and {Per-Olof} Astrand and Henrik Koch},
title = {Optical Rotation from Coupled Cluster and Density Functional Theory:
The Role of Basis Set Convergence},
journal = JCTC,
volume = {12},
pages = {535-548},
year = {2016}
}
@article{Kongsted:05,
author = {Jacob Kongsted and Thomas Bondo Pedersen and Mikkel Strange
and Anders Osted and Aage E. Hansen and Kurt V. Mikkelsen and Filip Pawlowski
and Poul J{\o}rgensen and Christof H\"{a}ttig},
title = {Coupled Cluster Calculations of the Optical Rotation of
\emph{S}-propylene Oxide in Gas Phase and Solution},
journal = CHPLBC,
volume = {401},
year = {2005},
pages = {385--392}
}
@Article{Andreussi:12,
  author  = {Andreussi, O. and Dabo, I. and Marzari, N.},
  title   = {Revised Self-Consistent Continuum Solvation in Electronic-Structure Calculations},
  journal =  JCP,
  year    = {2012},
  volume  = {136},
  number  = {6},
  pages   = {064102}
}
@Article{Fox:14,
  author  = {Fox, S. J. and Dziedzic, J. and Fox, T. and Tautermann, C. S. and Skylaris, C.-K.},
  title   = {Density Functional Theory Calculations on Entire Proteins for Free Energies of Binding: Application to a Model Polar Binding Site},
  journal =  "Proteins-Structure Function and Bioinformatics",
  year    = {2014},
  volume  = {82},
  number  = {12},
  pages   = {3335-3346}
}

@Article{Dziedzic:16,
  author  = {Dziedzic, J. and Mao, Y. and Shao, Y. and Ponder, J. and Head-Gordon, T. and Head-Gordon, M. and Skylaris, C.-K.},
  title   = {TINKTEP: A Fully Self-Consistent, Mutually Polarizable QM/MM Approach Based on the AMOEBA Force Field},
  journal =  JCP,
  year    = {2016},
  volume  = {145},
  number  = {12},
  pages   = {124106},
  issn    = {1089-7690 (Electronic)
0021-9606 (Linking)},
  doi     = {10.1063/1.4962909},
  type    = {Journal Article},
  url     = {https://www.ncbi.nlm.nih.gov/pubmed/27782640},
}

@Article{Dziedzic:13,
  author  = {Dziedzic, Jacek and Fox, Stephen J. and Fox, Thomas and Tautermann, Christofer S. and Skylaris, C.-K.},
  title   = {Large-scale DFT Calculations in Implicit Solvent - A Case Study on the T4 Lysozyme L99A/M102Q Protein},
  journal =  IJQC,
  year    = {2013},
  volume  = {113},
  number  = {6},
  pages   = {771-785}
}

@Article{Dziedzic:11,
  author  = {Dziedzic, J. and Helal, H. H. and Skylaris, C.-K. and Mostofi, A. A. and Payne, M. C.},
  title   = {Minimal Parameter Implicit Solvent Model for Ab Initio Electronic-Structure Calculations},
  journal =  EPL,
  year    = {2011},
  volume  = {95},
  number  = {4},
  pages   = {43001}
}

@Article{Fattebert:03,
  author  = {Fattebert, J. L. and Gygi, F.},
  title   = {First-Principles Molecular Dynamics Simulations in a Continuum Solvent},
  journal =  IJQC,
  year    = {2003},
  volume  = {93},
  number  = {2},
  pages   = {139-147}
}

@Article{Scherlis:06,
  author  = {Scherlis, D. A. and Fattebert, J. L. and Gygi, F. and Cococcioni, M. and Marzari, N.},
  title   = {A Unified Electrostatic and Cavitation Model for First-Principles Molecular Dynamics in Solution},
  journal =  JCP,
  year    = {2006},
  volume  = {124},
  number  = {7},
  pages   = {74103}
}

@Article{Fattebert:02,
  author  = {Fattebert, J. L. and Gygi, F.},
  title   = {Density Functional Theory for Efficient Ab Initio Molecular Dynamics Simulations in Solution},
  journal =  JCC,
  year    = {2002},
  volume  = {23},
  number  = {6},
  pages   = {662-666}
}
@article{Howard:17,
author = {Howard, J. Coleman and Womack, James C. and Dziedzic, Jacek and Skylaris, Chris-Kriton and Pritchard, Benjamin P. and Crawford, T. Daniel},
title = {Electronically Excited States in Solution via a Smooth Dielectric Model Combined with Equation-of-Motion Coupled Cluster Theory},
journal = {Journal of Chemical Theory and Computation},
volume = {13},
number = {11},
pages = {5572-5581},
year = {2017}
}
@article{Womack:18,
author = {James C. Womack and  Lucian Anton and  Jacek Dziedzic and 
Phil J. Hasnip and  Matt {I.J.} Probert and  and {C.-K.} Skylaris},
title = {DL\_MG: A Parallel Multigrid Poisson and Poisson-Boltzmann
Solver for Electronic Structure Calculations in Vacuum and Solution},
journal = JCTC,
volume = {14},
pages = {1412--1432},
year = {2018}
}
@Inbook{Crawford:18,
author={T. Daniel Crawford},
editor={W{\'o}jcik, Marek J.
and Nakatsuji, Hiroshi
and Kirtman, Bernard
and Ozaki, Yukihiro},
title={Frontiers of Coupled Cluster Chiroptical Response Theory},
bookTitle={Frontiers of Quantum Chemistry},
year={2018},
publisher={Springer},
address={Singapore},
pages="49--68"
}
@article{Baranowska:10,
author = {A. Baranowska and K.Z. \L\k{a}czkowski and Andrzej J. Sadlej},
title = {Model Studies of the Optical Rotation, and Theoretical Determination
of its Sign for $\beta$-Pinene and \emph{trans}-Pinane},
journal = JCCHDD,
volume = {31},
year = {2010},
pages = {1176--1181}
}
@article{Wiberg:03,
author = {Kenneth B. Wiberg and Patrick H. Vaccaro and James R. Cheeseman},
title = {Conformational Effects on Optical Rotation. 3-Substituted 1-Butenes},
journal = JACS,
volume = {125},
number = {7},
pages = {1888--1896},
year = {2003}
}

@article{Wiberg:05,
author = {Kenneth B. Wiberg and {Yi-gui} Wang and Patrick H. Vaccaro
and James R. Cheeseman and Matthew R. Luderer},
title = {Conformational Effects on Optical Rotation. 2-Substituted
Butanes},
journal = JPCA,
volume = {109},
number = {15},
pages = {3405--3410},
year = {2005}
}

@article{Lambert:12,
author = {Jason Lambert and R.N. Compton and T. Daniel Crawford},
title = {The Optical Activity of Carvone: A Theoretical and Experimental
Investigation},
journal = JCP,
volume = {136},
pages = {114512},
year = {2012}
}
@article{Aharon:18,
author = {Tal Aharon and Paul Lemler and Patrick H. Vaccaro and
Marco Caricato},
title = {Comparison of Measured and Predicted Specific Optical
Rotation in Gas and Solution Phases: A Test for the Polarizable
Continuum Model of Solvation},
journal = "Chirality",
volume = {30},
number = {4},
pages = {1-13},
year = {2018}
}
@article{Caricato:13,
author = {Marco Caricato},
title = {Implementation of the CCSD-PCM Linear Response Function for
Frequency Dependent Properties in Solution: Application to Polarizability
and Specific Rotation},
journal = JCP,
volume = {139},
pages = {114103},
year = {2013}
}
@article{Srebro:17,
author = {Monika {Srebro-Hooper} and Jochen Autschbach},
title = {Calculating Natural Optical Activity of Molecules from First Principles},
journal = {Annual Review of Physical Chemistry},
volume = {68},
number = {1},
pages = {399-420},
year = {2017}
}
@article{Lipparini:13,
author = {Filippo Lipparini and Franco Egidi and Chiara Cappelli and
Vincenzo Barone},
title = {The Optical Rotation of Methyloxirane in Aqueous Solution:
A Never Ending Story},
journal = JCTC,
volume = {9},
pages = {1880--1884},
year = {2013}
}
@article{Moore:12,
author = {B. Moore and M. Srebro and J. Autschbach},
title = {Analysis of Optical Activity in Terms of BOnds and Lone-Pairs:
The Exceptionally Large Optical Rotation of Norbornenone},
journal = JCTC,
volume = {8},
pages = {4336--4346},
year = {2012}
}
@article{Lahiri:13,
author = {Priyanka Lahiri and Kenneth B. Wiberg and Patrick H. Vaccaro and
Marco Caricato and T. Daniel Crawford},
title = {Large Solvation Effect in the Optical Rotatory Dispersion of
Norbornenone},
journal = ANGEW,
volume = {53},
pages = {1386--1389},
year= {2013}
}
@article{Stephens:01,
author = {P. J. Stephens and F. J. Devlin and J. R. Cheeseman
and M. J. Frisch},
title = {Calculation of Optical Rotation Using Density Functional Theory},
journal = JPCA,
volume = {105},
pages = {5356--5371},
year = {2001}
}
@article{Ruud:03,
title = "Coupled-Cluster Calculations of Optical Rotation",
journal = CHPLBC,
volume = "373",
number = "5",
pages = {606 - 614},
year = "2003",
author = {Kenneth Ruud and Philip J. Stephens and Frank J. Devlin and Peter R. Taylor and James R. Cheeseman and Michael J. Frisch}
}
@article{Christiansen:99,
author = {Ove Christiansen and Kurt V. Mikkelsen},
title = {Coupled Cluster Response Theory for Solvated Molecules in Equilibrium
and Nonequilibrium Solvation},
journal = JCP,
volume = {110},
number = {17},
pages= {8348--8360},
year = {1999}
}
@article{Crawford:15,
author = {T. Daniel Crawford and Ashutosh Kumar and Kevin P. Hannon and Sebastian
H\"{o}fener and Lucas Visscher},
title = {Frozen-Density Embedding Potentials and Chiroptical Properties},
journal = JCTC,
volume = {11},
pages = {5305--5315},
year = {2015}
}
@article{Krishnan:80,
author = {R. Krishnan and J. S. Binkley and R. Seeger and J. A. Pople},
title = {Self-consistent Molecular Orbital Methods. XX. A Basis Set
for Correlated Wave Functions},
journal = JCP,
volume = {72},
year = {1980},
pages = {,650--654}
}
@misc{g09,
note={Gaussian Inc. Wallingford CT 2009},
author={M. J. Frisch and G. W. Trucks and H. B. Schlegel and G. E. Scuseria and M. A. Robb and J. R. Cheeseman and G. Scalmani and V. Barone and B. Mennucci and G. A. Petersson and H. Nakatsuji and M. Caricato and X. Li and H. P. Hratchian and A. F. Izmaylov and J. Bloino and G. Zheng and J. L. Sonnenberg and M. Hada and M. Ehara and K. Toyota and R. Fukuda and J. Hasegawa and M. Ishida and T. Nakajima and Y. Honda and O. Kitao and H. Nakai and T. Vreven and {Montgomery Jr.} and J. A. and J. E. Peralta and F. Ogliaro and M. Bearpark and J. J. Heyd and E. Brothers and K. N. Kudin and V. N. Staroverov and R. Kobayashi and J. Normand and K. Raghavachari and A. Rendell and J. C. Burant and S. S. Iyengar and J. Tomasi and M. Cossi and N. Rega and J. M. Millam and M. Klene and J. E. Knox and J. B. Cross and V. Bakken and C. Adamo and J. Jaramillo and R. Gomperts and R. E. Stratmann and O. Yazyev and A. J. Austin and R. Cammi and C. Pomelli and J. W. Ochterski and R. L. Martin and K. Morokuma and V. G. Zakrzewski and G. A. Voth and P. Salvador and J. J. Dannenberg and S. Dapprich and A. D. Daniels and \"{O}. Farkas and J. B. Foresman and J. V. Ortiz and J. Cioslowski and D. J. Fox},
Title={Gaussian09 {R}evision {E}.01},
} 
@misc{pcmsolver,
title="PCMSolver",
note={https://doi.org/10.5281/zenodo.1187000}
}
@article{Lipparini:16,
author = {F. Lipparini and B. Mennucci},
title = {Perspective: Polarizable Continuum Models for Quantum-Mechanical
Descriptions},
journal = JCP,
volume = {144},
pages = {160901},
year = {2016}
}
@Book{Cammi:13,
  title     = {Molecular Response Functions for the Polarizable Continuum Model},
  publisher = {Springer},
  year      = {2013},
  author    = {Cammi, Roberto},
  series    = {SpringerBriefs in Molecular Science},
  address   = {Cham},
  type      = {Book},
}
@article{Caricato:18,
author = {Marco Caricato},
title = {Linear Response Coupled Cluster Theory with the Polarizable Continuum Model Within the Singles Approximation for the Solvent Response},
journal = JCP,
volume = {148},
pages = {134113},
year = {2018}
}
@Article{Miertus:81,
  author  = {Miertu\v{s}, S. and Scrocco, E. and Tomasi, J.},
  title   = {Electrostatic Interaction of a Solute with a Continuum - a
Direct Utilization of Ab Initio Molecular Potentials for the Prevision of Solvent Effects},
  journal =  CHEMPHYS,
  year    = {1981},
  volume  = {55},
  number  = {1},
  pages   = {117-129}
} 
@book{Shavitt:09,
author = {Isaiah Shavitt and Rodney J. Bartlett},
title = { Many-Body Methods in Chemistry and Physics: MBPT and Coupled-Cluster Theory},
address = {Cambridge},
publisher = {University Press},
year = {2009}
}
@inbook{Crawford:00,
author = {T. Daniel Crawford and Henry F. Schaefer},
publisher = {VCH Publishers},
address={New York},
title = {An Introduction to Coupled Cluster Theory for Computational Chemists},
booktitle = {Reviews in Computational Chemistry},
pages = {33-136},
volume = {14},
editor={ K.B. Lipkowitz and D.B. Boyd},
year = {2000}
}
@article{Helgaker:12,
author = {Helgaker, Trygve and Coriani, Sonia and J{\o}rgensen, Poul and Kristensen, Kasper and Olsen, Jeppe and Ruud, Kenneth},
title = {Recent Advances in Wave Function-Based Methods of Molecular-Property Calculations},
journal = {Chemical Reviews},
volume = {112},
number = {1},
pages = {543-631},
year = {2012}
}
